[gd_scene load_steps=8 format=2]

[ext_resource path="res://Assets/graphics/electro_waves/cell_tower.png" type="Texture" id=1]
[ext_resource path="res://Scripts/electro_waves/towers/comm_towers.gd" type="Script" id=2]

[sub_resource type="Animation" id=5]
resource_name = "Idle"
tracks/0/type = "value"
tracks/0/path = NodePath("ATower:position")
tracks/0/interp = 1
tracks/0/loop_wrap = true
tracks/0/imported = false
tracks/0/enabled = true
tracks/0/keys = {
"times": PoolRealArray( 0 ),
"transitions": PoolRealArray( 1 ),
"update": 0,
"values": [ Vector2( 275, 810 ) ]
}
tracks/1/type = "value"
tracks/1/path = NodePath("BTower:position")
tracks/1/interp = 1
tracks/1/loop_wrap = true
tracks/1/imported = false
tracks/1/enabled = true
tracks/1/keys = {
"times": PoolRealArray( 0 ),
"transitions": PoolRealArray( 1 ),
"update": 0,
"values": [ Vector2( 862, 810 ) ]
}

[sub_resource type="Animation" id=1]
length = 0.001
tracks/0/type = "value"
tracks/0/path = NodePath("ATower:position")
tracks/0/interp = 1
tracks/0/loop_wrap = true
tracks/0/imported = false
tracks/0/enabled = true
tracks/0/keys = {
"times": PoolRealArray( 0 ),
"transitions": PoolRealArray( 1 ),
"update": 0,
"values": [ Vector2( 151, 460 ) ]
}
tracks/1/type = "value"
tracks/1/path = NodePath("BTower:position")
tracks/1/interp = 1
tracks/1/loop_wrap = true
tracks/1/imported = false
tracks/1/enabled = true
tracks/1/keys = {
"times": PoolRealArray( 0 ),
"transitions": PoolRealArray( 1 ),
"update": 0,
"values": [ Vector2( 862, 460 ) ]
}

[sub_resource type="Animation" id=2]
resource_name = "lower"
tracks/0/type = "value"
tracks/0/path = NodePath("ATower:position")
tracks/0/interp = 1
tracks/0/loop_wrap = true
tracks/0/imported = false
tracks/0/enabled = true
tracks/0/keys = {
"times": PoolRealArray( 0, 1 ),
"transitions": PoolRealArray( 1, 1 ),
"update": 0,
"values": [ Vector2( 275, 352 ), Vector2( 151, 810 ) ]
}
tracks/1/type = "value"
tracks/1/path = NodePath("BTower:position")
tracks/1/interp = 1
tracks/1/loop_wrap = true
tracks/1/imported = false
tracks/1/enabled = true
tracks/1/keys = {
"times": PoolRealArray( 0, 1 ),
"transitions": PoolRealArray( 1, 1 ),
"update": 0,
"values": [ Vector2( 850, 352 ), Vector2( 862, 810 ) ]
}

[sub_resource type="Animation" id=3]
resource_name = "raise"
tracks/0/type = "value"
tracks/0/path = NodePath("ATower:position")
tracks/0/interp = 1
tracks/0/loop_wrap = true
tracks/0/imported = false
tracks/0/enabled = true
tracks/0/keys = {
"times": PoolRealArray( 0, 1 ),
"transitions": PoolRealArray( 1, 1 ),
"update": 0,
"values": [ Vector2( 275, 820 ), Vector2( 275, 240 ) ]
}
tracks/1/type = "value"
tracks/1/path = NodePath("BTower:position")
tracks/1/interp = 1
tracks/1/loop_wrap = true
tracks/1/imported = false
tracks/1/enabled = true
tracks/1/keys = {
"times": PoolRealArray( 0, 1 ),
"transitions": PoolRealArray( 1, 1 ),
"update": 0,
"values": [ Vector2( 850, 820 ), Vector2( 850, 240 ) ]
}

[sub_resource type="RectangleShape2D" id=4]
extents = Vector2( 17.5, 300 )

[node name="CommTowers" type="Node2D"]
script = ExtResource( 2 )

[node name="ATower" type="Sprite" parent="."]
position = Vector2( 151, 460 )
texture = ExtResource( 1 )
offset = Vector2( 0, 200 )

[node name="BTower" type="Sprite" parent="."]
position = Vector2( 862, 460 )
texture = ExtResource( 1 )
offset = Vector2( 0, 200 )

[node name="AnimationPlayer" type="AnimationPlayer" parent="."]
anims/Idle = SubResource( 5 )
anims/RESET = SubResource( 1 )
anims/lower = SubResource( 2 )
anims/raise = SubResource( 3 )

[node name="Init" type="Area2D" parent="."]
position = Vector2( 628, 3 )
__meta__ = {
"_edit_group_": true
}

[node name="CollisionShape2D" type="CollisionShape2D" parent="Init"]
position = Vector2( 1, 294 )
shape = SubResource( 4 )

[node name="LimitB" type="Position2D" parent="."]
position = Vector2( 1023, 0 )

[node name="LimitA" type="Position2D" parent="."]
position = Vector2( -1, 0 )

[connection signal="body_entered" from="Init" to="." method="_on_LimitA_body_entered"]
