[gd_scene load_steps=17 format=2]

[ext_resource path="res://Fonts/Fredoka_One/FredokaOne-Regular.ttf" type="DynamicFontData" id=1]
[ext_resource path="res://Scripts/game_over/GameOver.gd" type="Script" id=2]
[ext_resource path="res://Assets/game_over/sad_bee.png" type="Texture" id=3]
[ext_resource path="res://Assets/game_won/game_won_screen.png" type="Texture" id=4]

[sub_resource type="DynamicFont" id=3]
size = 93
font_data = ExtResource( 1 )

[sub_resource type="DynamicFont" id=9]
size = 45
font_data = ExtResource( 1 )

[sub_resource type="DynamicFont" id=4]
size = 59
outline_size = 1
outline_color = Color( 0, 0, 0, 1 )
font_data = ExtResource( 1 )

[sub_resource type="StyleBoxFlat" id=5]
bg_color = Color( 1, 0.72549, 0, 1 )
border_width_left = 6
border_width_top = 6
border_width_right = 6
border_width_bottom = 6
border_color = Color( 0, 0, 0, 1 )
corner_radius_top_left = 14
corner_radius_top_right = 14
corner_radius_bottom_right = 14
corner_radius_bottom_left = 14
shadow_color = Color( 0, 0, 0, 1 )

[sub_resource type="StyleBoxFlat" id=6]
bg_color = Color( 1, 0.72549, 0, 1 )
border_width_left = 6
border_width_top = 6
border_width_right = 6
border_width_bottom = 6
border_color = Color( 0.286275, 0.0392157, 0.0392157, 1 )
corner_radius_top_left = 14
corner_radius_top_right = 14
corner_radius_bottom_right = 14
corner_radius_bottom_left = 14

[sub_resource type="StyleBoxFlat" id=7]
bg_color = Color( 1, 0.72549, 0, 1 )
border_width_left = 6
border_width_top = 6
border_width_right = 6
border_width_bottom = 6
border_color = Color( 0.286275, 0.0392157, 0.0392157, 1 )
corner_radius_top_left = 12
corner_radius_top_right = 12
corner_radius_bottom_right = 12
corner_radius_bottom_left = 12
shadow_color = Color( 0, 0, 0, 1 )

[sub_resource type="StyleBoxFlat" id=8]
bg_color = Color( 1, 0.72549, 0, 1 )
border_width_left = 6
border_width_top = 6
border_width_right = 6
border_width_bottom = 6
border_color = Color( 0.286275, 0.0392157, 0.0392157, 1 )
corner_radius_top_left = 14
corner_radius_top_right = 14
corner_radius_bottom_right = 14
corner_radius_bottom_left = 14

[sub_resource type="DynamicFont" id=10]
size = 59
outline_size = 1
outline_color = Color( 0, 0, 0, 1 )
font_data = ExtResource( 1 )

[sub_resource type="StyleBoxFlat" id=11]
bg_color = Color( 1, 0.72549, 0, 1 )
border_width_left = 6
border_width_top = 6
border_width_right = 6
border_width_bottom = 6
border_color = Color( 0, 0, 0, 1 )
corner_radius_top_left = 14
corner_radius_top_right = 14
corner_radius_bottom_right = 14
corner_radius_bottom_left = 14
shadow_color = Color( 0, 0, 0, 1 )

[sub_resource type="StyleBoxFlat" id=12]
bg_color = Color( 1, 0.72549, 0, 1 )
border_width_left = 6
border_width_top = 6
border_width_right = 6
border_width_bottom = 6
border_color = Color( 0.286275, 0.0392157, 0.0392157, 1 )
corner_radius_top_left = 14
corner_radius_top_right = 14
corner_radius_bottom_right = 14
corner_radius_bottom_left = 14

[sub_resource type="StyleBoxFlat" id=13]
bg_color = Color( 1, 0.72549, 0, 1 )
border_width_left = 6
border_width_top = 6
border_width_right = 6
border_width_bottom = 6
border_color = Color( 0.286275, 0.0392157, 0.0392157, 1 )
corner_radius_top_left = 12
corner_radius_top_right = 12
corner_radius_bottom_right = 12
corner_radius_bottom_left = 12
shadow_color = Color( 0, 0, 0, 1 )

[sub_resource type="StyleBoxFlat" id=14]
bg_color = Color( 1, 0.72549, 0, 1 )
border_width_left = 6
border_width_top = 6
border_width_right = 6
border_width_bottom = 6
border_color = Color( 0.286275, 0.0392157, 0.0392157, 1 )
corner_radius_top_left = 14
corner_radius_top_right = 14
corner_radius_bottom_right = 14
corner_radius_bottom_left = 14

[node name="GameOver" type="CanvasLayer"]
script = ExtResource( 2 )

[node name="Sprite2" type="Sprite" parent="."]
position = Vector2( 719, 300 )
scale = Vector2( 0.525902, 0.436588 )
texture = ExtResource( 4 )

[node name="ColorRect" type="ColorRect" parent="."]
margin_left = -5.0
margin_right = 1042.0
margin_bottom = 602.0
rect_pivot_offset = Vector2( 200, 276 )
color = Color( 0.101961, 0.439216, 0.639216, 0.560784 )

[node name="Title" type="Label" parent="ColorRect"]
margin_left = 5.0
margin_top = 28.0
margin_right = 1027.0
margin_bottom = 313.0
custom_colors/font_color = Color( 1, 1, 1, 1 )
custom_colors/font_outline_modulate = Color( 0, 0, 0, 1 )
custom_colors/font_color_shadow = Color( 0, 0, 0, 1 )
custom_constants/shadow_offset_x = 5
custom_constants/shadow_offset_y = 6
custom_fonts/font = SubResource( 3 )
text = "GAME OVER
"
align = 1

[node name="Label" type="Label" parent="ColorRect"]
margin_left = 533.0
margin_top = 170.0
margin_right = 887.0
margin_bottom = 255.0
custom_colors/font_color = Color( 1, 1, 1, 1 )
custom_colors/font_outline_modulate = Color( 0, 0, 0, 1 )
custom_colors/font_color_shadow = Color( 0, 0, 0, 1 )
custom_constants/shadow_offset_x = 1
custom_constants/shadow_as_outline = -1
custom_fonts/font = SubResource( 9 )
text = "TRY AGAIN?"
align = 1
valign = 1

[node name="Try_Again" type="Button" parent="."]
anchor_left = 0.5
anchor_top = 1.0
anchor_right = 0.5
anchor_bottom = 1.0
margin_left = 39.0
margin_top = -335.0
margin_right = 359.0
margin_bottom = -239.0
custom_colors/font_color_disabled = Color( 0, 0, 0, 1 )
custom_fonts/font = SubResource( 4 )
custom_styles/hover = SubResource( 5 )
custom_styles/pressed = SubResource( 6 )
custom_styles/focus = SubResource( 7 )
custom_styles/normal = SubResource( 8 )
text = "YES"
icon_align = 1

[node name="Exit" type="Button" parent="."]
anchor_left = 0.5
anchor_top = 1.0
anchor_right = 0.5
anchor_bottom = 1.0
margin_left = 41.0
margin_top = -204.0
margin_right = 361.0
margin_bottom = -108.0
custom_colors/font_color_disabled = Color( 0, 0, 0, 1 )
custom_fonts/font = SubResource( 10 )
custom_styles/hover = SubResource( 11 )
custom_styles/pressed = SubResource( 12 )
custom_styles/focus = SubResource( 13 )
custom_styles/normal = SubResource( 14 )
text = "QUIT"
icon_align = 1

[node name="Sprite" type="Sprite" parent="."]
position = Vector2( 315.532, 338.526 )
scale = Vector2( 0.586749, 0.518422 )
texture = ExtResource( 3 )

[connection signal="button_down" from="Try_Again" to="." method="_on_Try_Again_button_down"]
[connection signal="button_down" from="Exit" to="." method="_on_Exit_button_down"]
