[gd_scene load_steps=13 format=2]

[ext_resource path="res://Scripts/Bee/bee.gd" type="Script" id=1]
[ext_resource path="res://Assets/animations/Bee/Bee Sprite.png" type="Texture" id=2]
[ext_resource path="res://Assets/animations/Joystick/joystick.png" type="Texture" id=3]
[ext_resource path="res://Scripts/Bee/Joystick.gd" type="Script" id=4]
[ext_resource path="res://Assets/animations/Joystick/hexagonal3-removebg-preview.png" type="Texture" id=6]

[sub_resource type="Animation" id=27]
length = 0.001
tracks/0/type = "value"
tracks/0/path = NodePath("Sprite:frame")
tracks/0/interp = 1
tracks/0/loop_wrap = true
tracks/0/imported = false
tracks/0/enabled = true
tracks/0/keys = {
"times": PoolRealArray( 0 ),
"transitions": PoolRealArray( 1 ),
"update": 0,
"values": [ 7 ]
}

[sub_resource type="Animation" id=19]
resource_name = "swim_h"
loop = true
step = 0.0666667
tracks/0/type = "value"
tracks/0/path = NodePath("Sprite:frame")
tracks/0/interp = 1
tracks/0/loop_wrap = true
tracks/0/imported = false
tracks/0/enabled = true
tracks/0/keys = {
"times": PoolRealArray( 0, 0.17, 0.34, 0.51, 0.68, 0.85 ),
"transitions": PoolRealArray( 1, 1, 1, 1, 1, 1 ),
"update": 1,
"values": [ 0, 1, 2, 0, 1, 2 ]
}

[sub_resource type="Animation" id=23]
resource_name = "swim_v"
length = 1.1
loop = true
tracks/0/type = "value"
tracks/0/path = NodePath("Sprite:frame")
tracks/0/interp = 1
tracks/0/loop_wrap = true
tracks/0/imported = false
tracks/0/enabled = true
tracks/0/keys = {
"times": PoolRealArray( 0, 0.1, 0.2, 0.3, 0.4, 0.5, 0.6, 0.7, 0.8, 0.9, 1 ),
"transitions": PoolRealArray( 1, 1, 1, 1, 1, 1, 1, 1, 1, 1, 1 ),
"update": 0,
"values": [ 3, 4, 5, 6, 7, 5, 4, 3, 1, 2, 0 ]
}

[sub_resource type="AnimationNodeAnimation" id=24]
animation = "swim_h"

[sub_resource type="AnimationNodeTransition" id=25]
input_count = 2
input_0/name = "swim-h"
input_0/auto_advance = false
input_1/name = "swim-v"
input_1/auto_advance = false

[sub_resource type="AnimationNodeAnimation" id=26]
animation = "swim_v"

[sub_resource type="AnimationNodeBlendTree" id=22]
graph_offset = Vector2( -273, -170 )
nodes/horizontal/node = SubResource( 24 )
nodes/horizontal/position = Vector2( -58.5971, -77.487 )
nodes/orientation/node = SubResource( 25 )
nodes/orientation/position = Vector2( 240, -20 )
nodes/output/position = Vector2( 660, 20 )
nodes/vertical/node = SubResource( 26 )
nodes/vertical/position = Vector2( -60, 80 )
node_connections = [ "orientation", 0, "horizontal", "orientation", 1, "vertical", "output", 0, "orientation" ]

[node name="Bee" type="KinematicBody2D" groups=["Player"]]
position = Vector2( 516, 300 )
scale = Vector2( 1.5, 1.5 )
z_index = 9
script = ExtResource( 1 )
joystick_path = NodePath("Ui/Joystick2")

[node name="Sprite" type="Sprite" parent="."]
scale = Vector2( 0.0896175, 0.0792683 )
texture = ExtResource( 2 )
flip_h = true
hframes = 4
vframes = 2
frame = 7
region_rect = Rect2( -37, 0, 491, 249 )

[node name="CollisionShape" type="CollisionPolygon2D" parent="."]
polygon = PoolVector2Array( 29.3333, 8, 16.6667, 5.33334, -11.3333, 17.3333, -26, 17.3333, -26.6667, 12.6667, -23.3333, 3.33334, -15.3333, -2, -8, -4.66666, 1.33334, -5.33333, 5.33334, -8.66666, 13.3333, -8.66666, 17.3333, -5.33333, 20.6667, -8, 26.6667, -6, 31.3333, -1.33333, 31.3333, 5.33334 )

[node name="AnimationPlayer" type="AnimationPlayer" parent="."]
anims/RESET = SubResource( 27 )
anims/swim_h = SubResource( 19 )
anims/swim_v = SubResource( 23 )

[node name="AnimationTree" type="AnimationTree" parent="."]
tree_root = SubResource( 22 )
anim_player = NodePath("../AnimationPlayer")
parameters/orientation/current = 0

[node name="Camera2D" type="Camera2D" parent="."]
current = true
limit_left = 0
limit_top = 0
limit_bottom = 0
drag_margin_h_enabled = true
drag_margin_v_enabled = true
smoothing_enabled = true
smoothing_speed = 15.0
drag_margin_left = 0.04
drag_margin_top = 0.04
drag_margin_right = 0.04
drag_margin_bottom = 0.04
editor_draw_drag_margin = true

[node name="Ui" type="CanvasLayer" parent="."]
layer = 4

[node name="Joystick2" type="TextureRect" parent="Ui"]
modulate = Color( 0.984314, 1, 0, 0.235294 )
anchor_left = 1.0
anchor_top = 1.0
anchor_right = 1.0
anchor_bottom = 1.0
margin_left = -946.667
margin_top = -173.333
margin_right = -786.667
margin_bottom = -29.3334
texture = ExtResource( 3 )
expand = true
stretch_mode = 1
script = ExtResource( 4 )
__meta__ = {
"_edit_group_": true
}
radius = 80.0
use_screen_rectangle = true
screen_rectangle = Rect2( 0, 0, 1025, 600 )
joystick_ring_path = NodePath("../Joystick_Ring")

[node name="Joystick_Ring" type="TextureRect" parent="Ui"]
anchor_left = 0.5
anchor_top = 0.5
anchor_right = 0.5
anchor_bottom = 0.5
margin_left = -408.0
margin_top = 148.0
margin_right = -328.0
margin_bottom = 236.0
texture = ExtResource( 6 )
expand = true
__meta__ = {
"_edit_group_": true
}
